<?xml version="1.0" encoding="UTF-8"?>
<collection xmlns:xsi="http://www.w3.org/2001/XMLSchema-instance" xsi:schemaLocation="http://www.loc.gov/MARC21/slim http://www.loc.gov/standards/marcxml/schema/MARC21slim.xsd" xmlns="http://www.loc.gov/MARC21/slim">
<record>
  <leader>01052cam a2200241 a 4500</leader>
  <controlfield tag="001">3121501</controlfield>
  <controlfield tag="003">NNC</controlfield>
  <controlfield tag="005">20130426022539.0</controlfield>
  <controlfield tag="008">910312m19071909ua            000 0 araod</controlfield>
  <datafield tag="035" ind1=" " ind2=" ">
    <subfield code="a">(OCoLC)ocm23231358</subfield>
  </datafield>
  <datafield tag="035" ind1=" " ind2=" ">
    <subfield code="9">ATV3732CU</subfield>
  </datafield>
  <datafield tag="035" ind1=" " ind2=" ">
    <subfield code="a">(NNC)3121501</subfield>
  </datafield>
  <datafield tag="040" ind1=" " ind2=" ">
    <subfield code="a">CLE</subfield>
    <subfield code="c">CLE</subfield>
    <subfield code="d">ZCU</subfield>
  </datafield>
  <datafield tag="099" ind1=" " ind2=" ">
    <subfield code="a">893.7Sa32</subfield>
    <subfield code="a">R</subfield>
  </datafield>
  <datafield tag="100" ind1="1" ind2=" ">
    <subfield code="a">Ālūsī, Maḥmūd Shukrī,</subfield>
    <subfield code="d">1857-1924.</subfield>
  </datafield>
  <datafield tag="245" ind1="1" ind2="0">
    <subfield code="a">Kitāb ghāyat al-Amānī fī al-radd ʻalá al-Nabhānī /</subfield>
    <subfield code="c">li-Abī al-Maʻālī al-Shāfiʻī al-Sallāmī.</subfield>
  </datafield>
  <datafield tag="260" ind1=" " ind2=" ">
    <subfield code="a">[Cairo?] :</subfield>
    <subfield code="b">ʻAbd al-Qādir al-Tilimsānī,</subfield>
    <subfield code="c">1325-1327 [1907-1909].</subfield>
  </datafield>
  <datafield tag="300" ind1=" " ind2=" ">
    <subfield code="a">2 v. in 1. ;</subfield>
    <subfield code="c">28 cm.</subfield>
  </datafield>
  <datafield tag="650" ind1=" " ind2="0">
    <subfield code="a">Wahhābīyah</subfield>
    <subfield code="v">Apologetic works.</subfield>
  </datafield>
  <datafield tag="600" ind1="1" ind2="0">
    <subfield code="a">Nabhānī, Yūsuf ibn Ismāʻīl,</subfield>
    <subfield code="d">1849 or 1850-1932.</subfield>
    <subfield code="t">Shawāhid al-ḥaqq fī al-istighāthah bi-Sayyid al-Khalq.</subfield>
  </datafield>
  <datafield tag="700" ind1="1" ind2=" ">
    <subfield code="a">Nabhānī, Yūsuf ibn Ismāʻīl,</subfield>
    <subfield code="d">1849 or 1850-1932.</subfield>
    <subfield code="t">Shawāhid al-ḥaqq fī al-istighāthah bi-Sayyid al-Khalq.</subfield>
  </datafield>
  <datafield tag="740" ind1="0" ind2="1">
    <subfield code="a">Ghāyat al-amānī fī al-radd ʻalá al-Nabhānī.</subfield>
  </datafield>
  <datafield tag="955" ind1=" " ind2=" ">
    <subfield code="b">CU07815468</subfield>
    <subfield code="d">off,glx</subfield>
    <subfield code="e">893.7Sa32 R</subfield>
  </datafield>
</record>
</collection>